<?xml version="1.0" encoding="UTF-8"?><collection xmlns="http://www.loc.gov/MARC21/slim"><record><leader>00652nam--2200169-i-4500</leader><controlfield tag="001">000024668</controlfield><controlfield tag="002">20161230</controlfield><controlfield tag="005">20161230201035</controlfield><controlfield tag="008">060222s1000------------r-----000-0-eng-d</controlfield><datafield ind1=" " ind2=" " tag="040"><subfield code="a">IFIN-HH</subfield></datafield><datafield ind1=" " ind2=" " tag="080"><subfield code="a">539.14:539.12</subfield></datafield><datafield ind1="1" ind2=" " tag="100"><subfield code="a">Alexander, Gideon</subfield></datafield><datafield ind1="1" ind2="0" tag="245"><subfield code="a">High energy physics and nuclear structure</subfield><subfield code="b">Proceedings of the second international conference on high energy physics and nuclear structure held at the weizmann institute of science rehovoth - february 27-march 3, 1967</subfield><subfield code="c">Gideon alexander</subfield></datafield><datafield ind1=" " ind2=" " tag="260"><subfield code="a">Amsterdam</subfield><subfield code="b">North-holland Publishing Company</subfield><subfield code="c">1967</subfield></datafield><datafield ind1=" " ind2=" " tag="300"><subfield code="a">VII + 489 P</subfield></datafield><datafield ind1=" " ind2=" " tag="852"><subfield code="a">28510</subfield><subfield code="c">539.131</subfield></datafield><datafield ind1=" " ind2=" " tag="CAT"><subfield code="a">Sys</subfield><subfield code="c">20120229</subfield><subfield code="h">161332</subfield></datafield></record></collection>